
@Book{hayk,
	author = {Simon Haykin},
	editor = {Bill Zobrist},
	title = {Communication Systems},
	publisher = {John Wiley \& Sons, Inc.},
	year = {2001},
	OPTkey = {•},
	OPTvolume = {•},
	OPTnumber = {•},
	OPTseries = {•},
	address = {John Wiley \& Sons, Inc., 605 Third Avenue, New York, NY 10158-0012},
	edition = {4th},
	OPTmonth = {•},
	OPTnote = {•},
	OPTannote = {•}
}

@article{latintel,
	author = {Andreas Abel \& Jan Reineke},
	title = {Characterizing Latency, Throughput, and Port Usage of Instructions on Intel Microarchitectures},
	journal = {Architectural Support for Programming Languages and Operating Systems},
	year = {2019},
	address = {John Wiley \& Sons, Inc., 605 Third Avenue, New York, NY 10158-0012},
	month = {April},
	pages = {4},
	pubstate = {https://doi.org/10.1145/3297858.3304062},
	doi = {10.1145/3297858.3304062},
	url = {https://doi.org/10.1145/3297858.3304062},
	OPTurldate = {•},
}

@inbook{dcommoha,
	author = {Marvin K. Simon \& Mohammed-Slim Alouini},
	title = {Digital Communication over Fading Channels: A Unified Approach to Performance Analysis},
	booktitle = {•},
	year = {2000},
	publisher = {John Wiley \& Sons, Inc.},
	OPTlocation = {•},
	isbn = {0-471-31779-9},
	chapter = {1},
	pages = {4--12},
}

@inbook{jitter,
	author = {Nicola Da Dalt \& Ali Sheikholeslami},
	title = {Understanding Jitter and Phase Noise},
	publisher = {Cambridge University Press},
	year = {2018},
	isbn = {1107188571},
	address = {University Printing House, Cambridge CB2 8BS, United Kingdom},
	edition = {1st},
	chapter = {1},
	pages = {15--28},
	OPTmonth = {•},
	OPTnote = {•},
	OPTannote = {•}
}

@inbook{fuqin,
	author = {Fuqin Xiong},
	title = {Digital Modualtion Techniques},
	date = {date},
	chapter={12},
	year={2006},
	edition = {2nd},
	publisher = {Artech House, Inc.},
	pagetotal = {1017},
	pubstate = {Bostom},
}
@book{ofdm_intro,
	author = {Ahmad R. S. Bahai, Burton R. Saltzberg, Mustafa Ergen},
	title = {Multi-carrier Digital Communications},
	subtitle = {Theory and Applications of OFDM},
	year = {2004},
	language = {English},
	edition = {2nd},
	publisher = {Springer US},
	location = {Boston},
	isbn = {0-387-22576-5},
}
@ARTICLE{hirosaki,
	author={B. {Hirosaki}},
	journal={IEEE Transactions on Communications},
	title={An Orthogonally Multiplexed QAM System Using the Discrete Fourier Transform},
	year={1981},
	volume={29},
	number={7},
	pages={982-989},
	keywords={APK communication;DFT;Discrete Fourier transforms (DFT's);Frequency-division multiplexing (FDM);Quadrature amplitude modulation;Discrete Fourier transforms;Data communication;Digital signal processing;Baseband;Frequency division multiplexing;Filters;Demodulation;Modems;Signal processing},
	doi={10.1109/TCOM.1981.1095093},
	ISSN={1558-0857},
	month={July},
}
@book{modern_comm,
	author = {B. P. Lathi, Zhi Ding},
	title = {Modern Digital and Analogue Communication Systems},
	year = {2019},
	language = {English},
	edition = {5th},
	publisher = {Oxford University Press},
	location = {New York},
	isbn = {0-387-22576-5},
}

@book{Proakis,
	author = {John G. Proakis, Masoud Salehi},
	title = {Fundamentals of Communication Systems},
	date = {2014},
	edition={2nd},
	publisher={Pearson Education},
	location={Boston},	
}
@book{Hindu,
	author = {Kaveh Pahlavan, Prashant Krishnamurthy},
	title = {Principles of wireless networks},
	date = {2002},
	publisher={Prentice Hall PTR},
	isbn={0-13-093003-2},
	location={New Jersey},
}
@book{AWGN,
	author = {Bernard Skalar, Pabitra Kumar Ray},
	title = {Digital Communications},
	subtitle={Fundamentals and Applications},
	year={2014},
	edition={2nd},
	publisher={Pearson Education},
	location={India},
	isbn={9788131720929},
	
}
@book{4vn,
	author = {Theodore S. Rappaport},
	title = {Wireless Communications },
	subtitle={Principles and Practice},
	date = {7Dec 2007 },
	edition={2nd},
	publisher={Prentice Hall PTR, 1996},
	isbn={9780133755367},
}
@article{prob,
	author    = {Martha C. Paredes Paredes and
	M. Julia Fern{\'{a}}ndez{-}Getino Garc{\'{\i}}a},
	title     = {The Problem of Peak-to-Average Power Ratio in {OFDM} Systems},
	journal   = {CoRR},
	volume    = {abs/1503.08271},
	year      = {2015},
	url       = {http://arxiv.org/abs/1503.08271},
	archivePrefix = {arXiv},
	eprint    = {1503.08271},
	timestamp = {Mon, 13 Aug 2018 16:49:06 +0200},
}
@inproceedings{gaurav,
	author    = {Gaurav Sikri and
	Rajni},
	title     = {Peak to Average Power Ratio Reduction in {OFDM} System over PAM, {QAM}
	and {QPSK} Modulation},
	booktitle = {Advances in Computing and Information Technology - Proceedings of
	the Second International Conference on Advances in Computing and Information
	Technology {(ACITY)} July 13-15, 2012, Chennai, India - Volume 1},
	pages     = {685--690},
	year      = {2012},
	crossref  = {DBLP:conf/acity/2012-1},
	url       = {https://doi.org/10.1007/978-3-642-31513-8\_69},
	doi       = {10.1007/978-3-642-31513-8\_69},
	timestamp = {Mon, 29 May 2017 13:41:22 +0200},
}
@phdthesis{french,
	TITLE = {{PEAK TO AVERAGE POWER RATIO ANALYSIS AND REDUCTION OF COGNITIVE RADIO SIGNALS}},
	AUTHOR = {Hussain, Sajjad},
	URL = {https://tel.archives-ouvertes.fr/tel-00426930},
	SCHOOL = {{Universit{\'e} Rennes 1}},
	YEAR = {2009},
	MONTH = Oct,
	KEYWORDS = {Software Radio ; Cognitive Radio ; Radio logicielle ; PAPR ; Tone Reservation},
	TYPE = {Theses},
	PDF = {https://tel.archives-ouvertes.fr/tel-00426930/file/ietrthesis.pdf},
	HAL_ID = {tel-00426930},
	HAL_VERSION = {v1},
}
@article{papr_paper,
	author = {SHAN Weifeng, MENG Baohong, LIU Ningning, LI Hui, ZHANG Hongwei},
	title = {Simulation on Peak-to-Average Power Ratio for Orthogonal Frequency Division Multiplexing},
	journal = {Wuhan University Journal of Natural Sciences},
	date = {20-05-2006},
	language = {English},
	volume = {6},
	OPTnumber = {number},
	eid = {1007-1202(2006)06-1873-04},
	issue = {11},
	month = {May},
	pages = {1873 - 1876},
	OPTversion = {version},
	OPTnote = {note},
	OPTissn = {issn},
	OPTaddendum = {addendum},
	OPTpubstate = {pubstate},
	OPTdoi = {doi},
	OPTeprint = {eprint},
	OPTeprintclass = {eprintclass},
	OPTeprinttype = {eprinttype},
	OPTurl = {url},
	OPTurldate = {urldate},
}
@book{MIMO,
	author = {Kumbhani, Brijesh and Kshetrimayum, Rakhesh Singh},
	title = {MIMO Wireless Communications over Generalized Fading Channels},
	year = {2017},
	isbn = {1138033006},
	publisher = {CRC Press, Inc.},
	address = {USA},
	edition = {1}
}
@book{Salehi,
	author = {Proakis, John G. and Salehi, Masoud},
	title = {Communication Systems Engineering},
	year = {1994},
	isbn = {0131589326},
	publisher = {Prentice-Hall, Inc.},
	address = {USA}
}
